% Referencia en https://en.wikibooks.org/wiki/LaTeX/Bibliography_Management

% historio e intro de SOA
@opensourcesoa{opensourcesoa:davis,
 author = {Davis, Jeff},
 title = {Open Source SOA},
 year = {2009},
 edition = {Softcover},
 ISBN = {978-1-933988-54-2},
 pages = {4-16},
 publisher = {Manning Publications Co},
}

% por la definición de SOA, según Thomas Erl.
@principlesofdesign{principlesofdesign:erl,
 author = {Erl, Thomas},
 title = {SOA: Principles of Service Design},
 year = {2007},
 edition = {Hardcover},
 ISBN = {0-13-234482-3},
 pages = {38},
 publisher = {Prentice Hall},
}
