% % Referencia en https://en.wikibooks.org/wiki/LaTeX/Bibliography_Management

@phdthesis{tesis:fielding,
 author = {Fielding, Roy Thomas},
 title = {Architectural Styles and the Design of Network-based Software Architectures},
 year = {2000},
 ISBN = {0-599-87118-0},
 note = {AAI9980887},
 publisher = {University of California, Irvine},
} 
